@Misc{gstlearn_software,
  title = {{gstlearn: The Geostatistical C++ Library}},
  author = {{MINES ParisTech - PSL University}},
  collaborator = {Geostatistics Group - Geosciences Center},
  organization = {{MINES ParisTech - PSL University}},
  address = {Fontainebleau, France},
  version = {0.1.0},
year = {2021},
mon = {November},
  howpublished = {Free download from: \url{https://github.com/gstlearn}},
}


 
